@Manual{beamer,
author = "Till Tantau, Joseph Wright, Vedran MiletiÄ‡",
title = "The Beamer Class: Guide for version 3.10",
year = "2010",
howpublished = "\\ \url{ftp://ftp.dante.de/pub/tex/macros/latex/contrib/beamer/doc/beameruserguide.pdf}"
}
