@online{1,
author = "Sqlite",
title = "SQLite Foreign Key Support",
note = "Disponible en la web: \url{https://www.sqlite.org/foreignkeys.html#fk_schemacommands)}"
}

@online{2,
author = "Zetcode",
title = "Inserting, updating, and deleting data in SQLite",
note = "Disponible en la web: \url{http://zetcode.com/db/sqlite/datamanipulation/}"
}

@online{3,
author = "Web Forefront",
title = "Set up logging for a Django project",
note = "Disponible en la web: \url{https://www.webforefront.com/django/setupdjangologging.html}"
}

@online{4,
author = "django",
title = "Logging",
note = "Disponible en la web: \url{https://docs.djangoproject.com/en/1.9/topics/logging/}"
}

@online{5,
author = "Stack overflow",
title = "Simple Log to File example for django 1.3+",
note = "Disponible en la web: \url{http://stackoverflow.com/questions/5739830/simple-log-to-file-example-for-django-1-3}"
}

@online{6,
author = "Stack overflow",
title = "django.request logger not propagated to root?",
note = "Disponible en la web: \url{http://stackoverflow.com/questions/20282521/django-request-logger-not-propagated-to-root/22336174#22336174}"
}

@online{7,
author = "s21sec",
title = "Lookwise",
note = "Disponible en la web: \url{https://www.s21sec.com/es/productos/lookwise}"
}

@online{8,
author = "s21sec",
title = "Lookwise: ficha técnica",
note = "Disponible en la web: \url{https://www.s21sec.com/es/docs-a-resources/category/14-bitacora?download=176\%3Aficha-bitacora}"
}

@online{9,
author = "tom's IT PRO",
title = "A Guide to Security Information and Event Management",
note = "Disponible en la web: \url{http://www.tomsitpro.com/articles/siem-solutions-guide,2-864.html}"
}

@online{10,
author = "tom's IT PRO",
title = "A Guide to Security Information and Event Management",
note = "Disponible en la web: \url{http://www.tomsitpro.com/articles/siem-solutions-guide,2-864.html}"
}

@online{11,
author = "Qbox",
title = "Parsing Logs Using Logstash",
note = "Disponible en la web: \url{https://qbox.io/blog/parsing-logs-using-logstash}"
}

@online{12,
author = "Qbox",
title = "ELK Stack",
note = "Disponible en la web: \url{https://qbox.io/blog/tag/elk-stack}"
}

@online{13,
author = "Takipi Blog",
title = "5 Reasons You Should Stop Hosting Your ELK Stack Locally",
note = "Disponible en la web: \url{http://blog.takipi.com/hosted-elasticsearch-the-future-of-your-elk-stack/}"
}

@online{14,
author = "Groovy lang",
title = "Groovy: Differences with Java",
note = "Disponible en la web: \url{http://www.groovy-lang.org/differences.html}"
}

@online{15,
author = "Elastic",
title = "Github Repository: Elastic",
note = "Disponible en la web: \url{https://github.com/elastic}"
}

@online{16,
author = "Mcafee",
title = "Información de seguridad y administración de eventos",
note = "Disponible en la web: \url{http://www.mcafee.com/es/products/siem/index.aspx}"
}

@online{17,
author = "LogRhythm",
title = "SIEM",
note = "Disponible en la web: \url{https://logrhythm.com/es/products/siem/}"
}

@online{18,
author = "Takipi Blog",
title = "Log Management Tools Face-Off: Splunk vs. Logstash vs. Sumo Logic",
note = "Disponible en la web: \url{http://blog.takipi.com/log-management-tools-face-off-splunk-vs-logstash-vs-sumo-logic/}"
}

@online{19,
author = "Cisco",
title = "Cisco Application Networking Manager 5.2",
note = "Disponible en la web: \url{http://www.cisco.com/c/en/us/products/collateral/application-networking-services/application-networking-manager/data_sheet_c78-706167.pdf}"
}

@online{20,
author = "Maria DB",
title = "Maria DB",
note = "Disponible en la web: \url{https://mariadb.com/}"
}

@online{21,
author = "Firebird",
title = "Firebird",
note = "Disponible en la web: \url{http://www.firebirdsql.org/}"
}

@online{22,
author = "redis",
title = "redis",
note = "Disponible en la web: \url{http://redis.io/}"
}

@online{23,
author = "PostgreSQL",
title = "PostgreSQL",
note = "Disponible en la web: \url{https://www.postgresql.org/}"
}

@online{24,
author = "MongoDB",
title = "MongoDB",
note = "Disponible en la web: \url{https://www.mongodb.com/}"
}

@online{25,
author = "",
title = "NoSQL vs SQL: SQL is the new NoNoSQL",
note = "Disponible en la web: \url{http://www.nosql-vs-sql.com/}"
}

@online{26,
author = "Jooq",
title = "Jooq",
note = "Disponible en la web: \url{http://www.jooq.org/}"
}

@online{27,
author = "Neo4j",
title = "Graph visualization for Neo4j",
note = "Disponible en la web: \url{https://neo4j.com/developer/guide-data-visualization/}"
}

@online{28,
author = "Cambridge Intelligence",
title = "The KeyLines Toolkit",
note = "Disponible en la web: \url{http://cambridge-intelligence.com/keylines/}"
}

@online{29,
author = "Tom Sawyer Software",
title = "Tom Sawer Software",
note = "Disponible en la web: \url{https://www.tomsawyer.com/}"
}

@online{30,
author = "SpiceWorks",
title = "SpiceWorks",
note = "Disponible en la web: \url{http://www.spiceworks.com/free-network-monitoring-management-software/}"
}

@online{31,
author = "ipswitch",
title = "Log and Event Management",
note = "Disponible en la web: \url{https://www.ipswitch.com/solutions/log-and-event-management}"
}

@online{32,
author = "lansweeper",
title = "Network management",
note = "Disponible en la web: \url{http://www.lansweeper.com/}"
}

@online{33,
author = "Supervisord",
title = "Supervisor: A Process Control System",
note = "Disponible en la web: \url{http://supervisord.org/}"
}

@online{34,
author = "Digital Ocean",
title = "How to Install and Manage Supervisor on Ubuntu and Debian VPS",
note = "Disponible en la web: \url{https://www.digitalocean.com/community/tutorials/how-to-install-and-manage-supervisor-on-ubuntu-and-debian-vps}"
}

@online{35,
author = "Digital Ocean",
title = "SQLite vs MySQL vs PostgreSQL: A Comparison Of Relational Database Management Systems",
note = "Disponible en la web: \url{https://www.digitalocean.com/community/tutorials/sqlite-vs-mysql-vs-postgresql-a-comparison-of-relational-database-management-systems}"
}

@online{36,
author = "Digital Ocean",
title = "A Comparison Of NoSQL Database Management Systems And Models",
note = "Disponible en la web: \url{https://www.digitalocean.com/community/tutorials/a-comparison-of-nosql-database-management-systems-and-models}"
}

@online{37,
author = "Digital Ocean",
title = "Understanding SQL And NoSQL Databases And Different Database Models",
note = "Disponible en la web: \url{https://www.digitalocean.com/community/tutorials/understanding-sql-and-nosql-databases-and-different-database-models}"
}

@online{38,
author = "SQlite",
title = "SQLite Encryption Extension",
note = "Disponible en la web: \url{http://www.sqlite.org/see/doc/trunk/www/readme.wiki}"
}

@online{39,
author = "SQlite",
title = "Command Line Shell For SQLite",
note = "Disponible en la web: \url{https://www.sqlite.org/cli.html}"
}

@online{40,
author = "debianHackers",
title = "Threads, procesos y cómo estos afectan la seguridad de un sistema",
note = "Disponible en la web: \url{https://debianhackers.net/threads-procesos-y-como-estos-afectan-la-seguridad-de-un-sistema-explicado-de-forma-que-lo-entiendas/}"
}

@online{41,
author = "Mail Python",
title = "[Python-es] Threads con operaciones I/O en Python",
note = "Disponible en la web: \url{https://mail.python.org/pipermail/python-es/2010-June/027561.html}"
}

@online{42,
author = "Genbeta:dev",
title = "Multiprocesamiento en Python: Threads a fondo, enumeración, herencia y temporizadores",
note = "Disponible en la web: \url{http://www.genbetadev.com/python/multiprocesamiento-en-python-threads-a-fondo-enumeracion-herencia-y-temporizadores}"
}

@online{43,
author = "Libros web",
title = "Python - Polimorfismo",
note = "Disponible en la web: \url{https://librosweb.es/libro/algoritmos_python/capitulo_15/polimorfismo.html/}"
}

@online{44,
author = "Python",
title = "Python - Data Model",
note = "Disponible en la web: \url{https://docs.python.org/2/reference/datamodel.html}"
}

@online{45,
author = "Wikipedia",
title = "List of TCP and UDP port numbers",
note = "Disponible en la web: \url{https://en.wikipedia.org/wiki/List_of_TCP_and_UDP_port_numbers}"
}

@online{46,
author = "Tornado Web",
title = "Tornado Web Server",
note = "Disponible en la web: \url{http://www.tornadoweb.org/en/stable/}"
}

@online{47,
author = "Supervisord",
title = "How to configure Python Script to run as a daemon",
note = "Disponible en la web: \url{http://serverfault.com/questions/501071/how-to-configure-python-script-to-run-as-a-daemon}"
}

@online{48,
author = "Digital Ocean",
title = "How to Install and Manage Supervisor on Ubuntu and Debian VPS",
note = "Disponible en la web: \url{https://www.digitalocean.com/community/tutorials/how-to-install-and-manage-supervisor-on-ubuntu-and-debian-vps}"
}

@online{49,
author = "Cyberciti",
title = "Force iptables to log messages to a different log file",
note = "Disponible en la web: \url{http://www.cyberciti.biz/tips/force-iptables-to-log-messages-to-a-different-log-file.html}"
}

@online{50,
author = "Shadypixel Blog",
title = "Log iptables Messages to a Separate File with rsyslog",
note = "Disponible en la web: \url{https://blog.shadypixel.com/log-iptables-messages-to-a-separate-file-with-rsyslog/}"
}

@online{51,
author = "Unix StackExchange",
title = "How can I configure syslog.conf file, to log iptables messages in a separate file?",
note = "Disponible en la web: \url{http://unix.stackexchange.com/questions/96484/how-can-i-configure-syslog-conf-file-to-log-iptables-messages-in-a-separate-fil}"
}

@online{52,
author = "Netfilter",
title = "Uso de iptables",
note = "Disponible en la web: \url{http://www.netfilter.org/documentation/HOWTO/es/packet-filtering-HOWTO-7.html}"
}

@online{53,
author = "Xorl blog",
title = "Descripción del formato log para iptables",
note = "Disponible en la web: \url{https://xorl.wordpress.com/2009/02/03/logging-with-iptables-and-syslogd/}"
}

@online{54,
author = "MGautier",
title = "Iptables log timestamp value is from 1970",
note = "Disponible en la web: \url{http://stackoverflow.com/questions/32914701/iptables-log-timestamp-value-is-from-1970/32914903#32914903}"
}

@online{55,
author = "Python",
title = "sqlite3 — DB-API 2.0 interface for SQLite databases",
note = "Disponible en la web: \url{https://docs.python.org/2/library/sqlite3.html}"
}

@online{56,
author = "Python",
title = "PEP 249 -- Python Database API Specification v2.0",
note = "Disponible en la web: \url{https://www.python.org/dev/peps/pep-0249/}"
}

@online{57,
author = "App acelerator",
title = "Working with a SQLite Database",
note = "Disponible en la web: \url{https://wiki.appcelerator.org/display/guides2/Working+with+a+SQLite+Database#WorkingwithaSQLiteDatabase-ClosingthedatabaseandResultSet}"
}

@online{58,
author = "Python Central",
title = "Python’s SQLAlchemy vs Other ORMs",
note = "Disponible en la web: \url{http://pythoncentral.io/sqlalchemy-vs-orms/}"
}

@online{59,
author = "Macaron",
title = "Macaron: Python O/R Mapper",
note = "Disponible en la web: \url{http://nobrin.github.io/macaron/}"
}

@online{60,
author = "Digital Ocean",
title = "Understanding SQL And NoSQL Databases And Different Database Models",
note = "Disponible en la web: \url{https://www.digitalocean.com/community/tutorials/understanding-sql-and-nosql-databases-and-different-database-models}"
}

@online{61,
author = "SQLAlchemy",
title = "SQLAlchemy",
note = "Disponible en la web: \url{http://docs.sqlalchemy.org/en/rel_1_0/orm/tutorial.html}"
}

@online{63,
author = "Rthalley",
title = "DNSO toolkit for python",
note = "Disponible en la web: \url{https://github.com/rthalley/dnspython}"
}

@online{64,
author = "MGautier",
title = "Read a file with root permissions from python script",
note = "Disponible en la web: \url{http://stackoverflow.com/questions/34533505/read-a-file-with-root-permissions-from-python-script}"
}

@online{65,
author = "Rsyslog",
title = "omfile: File Output Module",
note = "Disponible en la web: \url{http://www.rsyslog.com/doc/v8-stable/configuration/modules/omfile.html}"
}

@online{66,
author = "Genbeta:dev",
title = "Nuestra primera aplicación con Google App Engine (Python)",
note = "Disponible en la web: \url{http://www.genbetadev.com/programacion-en-la-nube/nuestra-primera-aplicacion-con-google-app-engine-python}"
}

@online{67,
author = "Python",
title = "Web Frameworks for Python",
note = "Disponible en la web: \url{https://wiki.python.org/moin/WebFrameworks/}"
}

@online{68,
author = "Philogb",
title = "JavaScript InfoVis Toolkit",
note = "Disponible en la web: \url{http://philogb.github.io/jit/}"
}

@online{69,
author = "Michal Karzynski",
title = "Setting up Django with Nginx, Gunicorn, virtualenv, supervisor and PostgreSQL",
note = "Disponible en la web: \url{http://michal.karzynski.pl/blog/2013/06/09/django-nginx-gunicorn-virtualenv-supervisor/}"
}

@online{70,
author = "Markwingerd",
title = "Setting up Django with Ubuntu 12.10, SQLite, Gunicorn, and Nginx on a Digital Ocean droplet",
note = "Disponible en la web: \url{https://markwingerd.wordpress.com/2013/09/01/setting-up-django-with-ubuntu-12-10-sqlite-gunicorn-and-nginx-on-a-digital-ocean-droplet/}"
}

@online{71,
author = "Digital Ocean",
title = "How To Set Up Django with Postgres, Nginx, and Gunicorn on Ubuntu 14.04",
note = "Disponible en la web: \url{https://www.digitalocean.com/community/tutorials/how-to-set-up-django-with-postgres-nginx-and-gunicorn-on-ubuntu-14-04}"
}

@online{72,
author = "Erick Navarro",
title = "Despliegue Django con Nginx, Supervisor y Gunicorn",
note = "Disponible en la web: \url{https://codeandoando.com/despliegue-django-con-nginx-supervisor-y-gunicorn/}"
}

@online{73,
author = "MGautier",
title = "Proyecto Fin de Carrera - Backlog",
note = "Resto de referencias en: \url{https://tree.taiga.io/project/mgautier-proyecto-fin-de-carrera/backlog}"
}

@online{74,
author = "MyTardis",
title = "Django Workflow",
note = "Disponible en la web: \url{http://mytardis.readthedocs.io/en/3.5/_images/DjangoArchitecture-JeffCroft.png}"
}